<?xml version="1.0" encoding="UTF-8"?><record xmlns="http://www.loc.gov/MARC21/slim" xmlns:cinclude="http://apache.org/cocoon/include/1.0" xmlns:zs="http://www.loc.gov/zing/srw/">
  <leader>00376nz  a2200133n  4500</leader>
  <controlfield tag="001">nb2005007750</controlfield>
  <controlfield tag="003">DLC</controlfield>
  <controlfield tag="005">20050617051534.0</controlfield>
  <controlfield tag="008">050616n| acannaabn          |n aaa      </controlfield>
  <datafield tag="010" ind1=" " ind2=" ">
    <subfield code="a">nb2005007750</subfield>
  </datafield>
  <datafield tag="035" ind1=" " ind2=" ">
    <subfield code="a">(Uk)006208273</subfield>
  </datafield>
  <datafield tag="040" ind1=" " ind2=" ">
    <subfield code="a">Uk</subfield>
    <subfield code="b">eng</subfield>
    <subfield code="c">Uk</subfield>
  </datafield>
  <datafield tag="100" ind1="1" ind2=" ">
    <subfield code="a">Ngondankoy, Nkoy-ea-Loongya</subfield>
  </datafield>
  <datafield tag="670" ind1=" " ind2=" ">
    <subfield code="a">Droit congolais des droits de l'homme, 2004:</subfield>
    <subfield code="b">t.p. (Ngondankoy Nkoy-ea-Loongya)</subfield>
  </datafield>
</record>